@unpublished{Hilsdorf2023AtwoodsHeavyChainHandout,
	author = {Matthew Hilsdorf},
	title = {UNIT 1A FORMAL LAB: ATWOODâ€™S HEAVY CHAIN},
	year = 2023,
}
